<?xml version="1.0" encoding="UTF-8"?><collection xmlns="http://www.loc.gov/MARC21/slim"><record><leader>00568nam--2200169-i-4500</leader><controlfield tag="001">000006082</controlfield><controlfield tag="002">20161230</controlfield><controlfield tag="005">20161230201026</controlfield><controlfield tag="008">060222s1000------------r-----000-0-eng-d</controlfield><datafield ind1=" " ind2=" " tag="040"><subfield code="a">IFIN-HH</subfield></datafield><datafield ind1=" " ind2=" " tag="080"><subfield code="a">539.12.047</subfield></datafield><datafield ind1="1" ind2=" " tag="100"><subfield code="a">Haddow, A</subfield></datafield><datafield ind1="1" ind2="0" tag="245"><subfield code="a">Biological hazards of atomic energy</subfield><subfield code="b">Being the papers read at the conference convened by the institute of biology and the atomic scientists' association october 1950</subfield><subfield code="c">A. haddow (ed.)</subfield></datafield><datafield ind1=" " ind2=" " tag="260"><subfield code="a">Oxford</subfield><subfield code="b">Clarendon Press</subfield><subfield code="c">1952</subfield></datafield><datafield ind1=" " ind2=" " tag="300"><subfield code="a">X + 235 P</subfield></datafield><datafield ind1=" " ind2=" " tag="852"><subfield code="a">17904</subfield><subfield code="c">539.12.04</subfield></datafield><datafield ind1=" " ind2=" " tag="CAT"><subfield code="a">Sys</subfield><subfield code="c">20120203</subfield><subfield code="h">121457</subfield></datafield></record></collection>